
@book{McCarthy2011,
 author = {McCarthy, J. Michael and Soh, Gim Song},
 title = {Geometric design of linkages},
 year = {2011},
 isbn = {978-1-4614-2767-4},
 publisher = {SpringerVerlag},
} 